@Book{Nguyen2022,
  author    = {Nguyen, Chi Nhan},
  editor    = {Oliver Zeigermann},
  publisher = {O'Reilly},
  title     = {Machine Learning - kurz & gut},
  year      = {2022},
  address   = {Heidelberg},
  edition   = {2. Auflage, 1., korrigierter Nachdruck},
  isbn      = {9783960091615},
  series    = {O'Reillys Taschenbibliothek},
  pagetotal = {208},
  ppn_gvk   = {1822260698},
}

@Comment{jabref-meta: databaseType:bibtex;}
