@Book{Knuppertz2012,
	author		= {Thilo Knuppertz},
	title 		= {Prozessmanagement f√ºr Dummies},
	publisher 	= {Wiley-VCH Verlag GmbH & Co. KGaA},
	year 		= {2012}
}
@Book{Jochem2010,
	author 		= {Roland Jochem, Kai Mertins, Thomas Knote},
	title 		= {Prozessmanagement: Strategien, Methoden, Umsetzung},
	publisher 	= {Symposion Publishing},
	year 		= {2010}
}
@Book{Rainardi2007,
	author 		= {Cincent Rainardi},
	title		= {Building a Data Warehouse: With Examples in SQL Server},
	publisher	= {APress},
	year		= {2007}
}
@Book{Reisig2011,
	author = {Wolfgang Reisig},
	title = {Petrinetze: Modellierungstechnik, Analysemethoden, Fallstudien (XLeitfaden der Informatik)},
	publisher = {Viewer+Teubner Verlag},
	year = {2010},
}
